<record><leader>00000cas a2200000 a 4500</leader><controlfield tag="001">37145044</controlfield><controlfield tag="008">970618d19532000nyuwr ne      0    0eng c</controlfield><datafield ind1=" " ind2=" " tag="010"><subfield code="a">sn 00063152 </subfield></datafield><datafield ind1=" " ind2=" " tag="040"><subfield code="a">VVW</subfield><subfield code="b">eng</subfield><subfield code="c">VVW</subfield><subfield code="d">NYS</subfield><subfield code="d">OCLCQ</subfield><subfield code="d">OCLCF</subfield><subfield code="d">OCLCO</subfield></datafield><datafield ind1="1" ind2=" " tag="029"><subfield code="a">AU@</subfield><subfield code="b">000021636614</subfield></datafield><datafield ind1=" " ind2=" " tag="042"><subfield code="a">pcc</subfield></datafield><datafield ind1=" " ind2=" " tag="043"><subfield code="a">n-us-ny</subfield></datafield><datafield ind1="0" ind2="0" tag="245"><subfield code="a">Review Press-Reporter.</subfield></datafield><datafield ind1="3" ind2=" " tag="246"><subfield code="a">Review Press and reporter</subfield></datafield><datafield ind1="3" ind2=" " tag="246"><subfield code="a">Bronxville Revew Press and Reporter</subfield></datafield><datafield ind1=" " ind2=" " tag="260"><subfield code="a">Bronxville, Town of Eastchester, N.Y. :</subfield><subfield code="b">Gannett Surburban Newspapers,</subfield><subfield code="c">1953-</subfield></datafield><datafield ind1=" " ind2=" " tag="300"><subfield code="a">v. :</subfield><subfield code="b">ill. ;</subfield><subfield code="c">56 cm.</subfield></datafield><datafield ind1=" " ind2=" " tag="310"><subfield code="a">Weekly</subfield></datafield><datafield ind1="0" ind2=" " tag="362"><subfield code="a">Vol. 52, no. 12 (Apr. 2, 1953)-v. 98, no. 25 (July 6, 2000).</subfield></datafield><datafield ind1=" " ind2=" " tag="500"><subfield code="a">"Serving the community for 95 years."</subfield></datafield><datafield ind1=" " ind2=" " tag="500"><subfield code="a">Published every Thursday.</subfield></datafield><datafield ind1=" " ind2=" " tag="530"><subfield code="a">Available on microfilm from Bell &amp; Howell at Bronxville Public Library.</subfield></datafield><datafield ind1=" " ind2=" " tag="588"><subfield code="a">Description based on Oct. 18, 1973.</subfield></datafield><datafield ind1=" " ind2="0" tag="651"><subfield code="a">Bronxville (N.Y.)</subfield><subfield code="v">Newspapers.</subfield></datafield><datafield ind1=" " ind2="0" tag="651"><subfield code="a">Westchester County (N.Y.)</subfield><subfield code="v">Newspapers.</subfield></datafield><datafield ind1=" " ind2="7" tag="655"><subfield code="a">Newspapers.</subfield><subfield code="2">fast</subfield><subfield code="0">(OCoLC)fst01423814</subfield></datafield><datafield ind1=" " ind2="7" tag="651"><subfield code="a">New York (State)</subfield><subfield code="z">Bronxville.</subfield><subfield code="2">fast</subfield><subfield code="0">(OCoLC)fst01214694</subfield></datafield><datafield ind1=" " ind2="7" tag="651"><subfield code="a">New York (State)</subfield><subfield code="z">Westchester County.</subfield><subfield code="2">fast</subfield><subfield code="0">(OCoLC)fst01202684</subfield></datafield><datafield ind1=" " ind2=" " tag="752"><subfield code="a">United States</subfield><subfield code="b">New York</subfield><subfield code="c">Westchester</subfield><subfield code="d">Bronxville.</subfield></datafield><datafield ind1="0" ind2=" " tag="776"><subfield code="c">Microfilm</subfield></datafield><datafield ind1="0" ind2="4" tag="780"><subfield code="a">Bronxville review-press</subfield><subfield code="w">(DLC)sn 83030812</subfield><subfield code="w">(OCoLC)9679284</subfield></datafield><datafield ind1="0" ind2="4" tag="780"><subfield code="a">Bronxville reporter</subfield><subfield code="w">(DLC)sn 83031032</subfield><subfield code="w">(OCoLC)9749014</subfield></datafield><datafield ind1="0" ind2="5" tag="785"><subfield code="a">The Journal News</subfield><subfield code="w">(DLC)sn 99067208</subfield><subfield code="w">(OCoLC)40979145</subfield></datafield><datafield ind1="0" ind2="0" tag="785"><subfield code="a">The Review Press</subfield><subfield code="w">(DLC)  2001063840</subfield><subfield code="w">(OCoLC)48614469</subfield></datafield></record>